<?xml version="1.0" encoding="UTF-8"?><collection xmlns="http://www.loc.gov/MARC21/slim"><record><leader>00439nam--2200145-i-4500</leader><controlfield tag="001">000013422</controlfield><controlfield tag="002">20161230</controlfield><controlfield tag="005">20161230201030</controlfield><controlfield tag="008">060222s1000------------r-----000-0-eng-d</controlfield><datafield ind1=" " ind2=" " tag="080"><subfield code="a">621.039.3:546.21(043)</subfield></datafield><datafield ind1=" " ind2=" " tag="100"><subfield code="a">Abrudean, Mihail Ioan</subfield></datafield><datafield ind1=" " ind2=" " tag="245"><subfield code="a">Separarea izotopului 180 prin schimb izotopic intreno,no2si h2o,hno3.teza</subfield></datafield><datafield ind1=" " ind2=" " tag="260"><subfield code="a">Bucuresti, Institutul De Fizica Si Ininerie Nucleara, 1980 95 P</subfield></datafield><datafield ind1=" " ind2=" " tag="490"><subfield code="a">These</subfield></datafield><datafield ind1=" " ind2=" " tag="852"><subfield code="a">48746</subfield></datafield></record></collection>